
@article{krizhevsky2012imagenet,
  author = {Alex Krizhevsky and Ilya Sutskever and Geoffrey E. Hinton},
  title = {ImageNet Classification with Deep Convolutional Neural Networks},
  journal = {Neural Information Processing Systems (NeurIPS)},
  year = {2012},
  volume = {25},
  pages = {1097--1105},
  url = {https://doi.org/10.1145/3065386},
}

@article{he2016deep,
  author = {Kaiming He and Xiangyu Zhang and Shaoqing Ren and Jian Sun},
  title = {Deep Residual Learning for Image Recognition},
  journal = {IEEE Conference on Computer Vision and Pattern Recognition (CVPR)},
  year = {2016},
  pages = {770--778},
  url = {https://doi.org/10.1109/CVPR.2016.90},
}

@misc{fruitsclassification,
  author = {Utkarsh Saxena},
  title = {Fruits Classification Dataset},
  year = {2020},
  url = {https://www.kaggle.com/datasets/utkarshsaxenadn/fruits-classification},
  note = {Accessed: 2024-12-18},
}

@misc{pytorchvision,
  author = {PyTorch Contributors},
  title = {TorchVision},
  year = {2024},
  url = {https://pytorch.org/vision/stable/index.html},
  note = {Accessed: 2024-12-18},
}


@misc{paszke2019pytorch,
  author = {Adam Paszke and Sam Gross and Francisco Massa and Adam Lerer and
            Matthew Beaufait and Zeming Lin and Yuhuai Wu and Lei Zhang and Ethan
            Fey and Benjamin Chai and Thomas K. L. and Kaiming He},
  title = {PyTorch: An Imperative Style, High-Performance Deep Learning Library},
  year = {2019},
  url = {https://pytorch.org},
  note = {Accessed: 2024-12-18},
}
